@inproceedings{Poupyrev,
author = {Poupyrev, Ivan and Oba, Haruo and Ikeda, Takuo and Iwabuchi, Eriko},
title = {Designing Embodied Interfaces for Casual Sound Recording Devices},
booktitle = {CHI '08 Extended Abstracts on Human Factors in Computing Systems},
series = {CHI EA '08},
year = {2008},
isbn = {978-1-60558-012-8},
location = {Florence, Italy},
pages = {2129--2134},
numpages = {6},
url = {http://doi.acm.org/10.1145/1358628.1358644},
doi = {10.1145/1358628.1358644},
acmid = {1358644},
publisher = {ACM},
address = {New York, NY, USA},
keywords = {aesthetic computing., ambient ui, context-aware interfaces, embodied interaction, life-logging, sound recording, tangible ui},
}

@article{Kawamura,
author="河村 竜幸 and 中西 英之 and 石黒 浩",
title="連続音声録音を用いた会話体験の探索",
journal="人工知能学会全国大会論文集",
ISSN="1347-9881",
publisher="人工知能学会",
year="2007",
month="",
volume="21",
number="",
pages="1-4",
URL="http://ci.nii.ac.jp/naid/40020234115/",
DOI="",
}

@inproceedings{Bell,
author = {Gemmell, Jim and Bell, Gordon and Lueder, Roger and Drucker, Steven and Wong, Curtis},
title = {MyLifeBits: Fulfilling the Memex Vision},
booktitle = {Proceedings of the Tenth ACM International Conference on Multimedia},
series = {MULTIMEDIA '02},
year = {2002},
isbn = {1-58113-620-X},
location = {Juan-les-Pins, France},
pages = {235--238},
numpages = {4},
url = {http://doi.acm.org/10.1145/641007.641053},
doi = {10.1145/641007.641053},
acmid = {641053},
publisher = {ACM},
address = {New York, NY, USA},
keywords = {Memex, annotation, database, hypermedia, multimedia},
}

@inproceedings{Stifelman,
author = {Stifelman, Lisa and Arons, Barry and Schmandt, Chris},
title = {The Audio Notebook: Paper and Pen Interaction with Structured Speech},
booktitle = {Proceedings of the SIGCHI Conference on Human Factors in Computing Systems},
series = {CHI '01},
year = {2001},
isbn = {1-58113-327-8},
location = {Seattle, Washington, USA},
pages = {182--189},
numpages = {8},
url = {http://doi.acm.org/10.1145/365024.365096},
doi = {10.1145/365024.365096},
acmid = {365096},
publisher = {ACM},
address = {New York, NY, USA},
keywords = {acoustic structuring, audio, paper, pen interaction, speech, speech as data, speech interfaces, user structuring},
}

@inproceedings{Kawanishi,
author="川西 康介 and 大平 茂輝 and 松原 茂樹 and 長尾 確",
title="研究活動における音声ログの整理と利用",
booktitle="第74回全国大会講演論文集",
ISSN="",
publisher="一般社団法人情報処理学会",
month="mar",
year="2012",
pages="723-725",
URL="http://ci.nii.ac.jp/naid/110009785030/",
DOI="",
}

@misc{Fujisaka,
author = "{藤坂 祐史}",
title  = "{Recture - 復習しやすい授業記録アプリ}",
howpublished = "\url{http://recture.com/}"
}

@inproceedings{Vemuri,
  title={An Audio-Based Personal Memory Aid},
  author={Sunil Vemuri and Chris Schmandt and Walter Bender and Stefanie Tellex and Brad Lassey},
  booktitle={UbiComp 2004: Ubiquitous Computing},
  series = {Lecture Notes in Computer Science},
  volume = {3205},
  pages = {400–-417},
  publisher = {Springer},
  year={2004}
}

@article{Nakakura,
author="中蔵 聡哉 and 角 康之 and 西田 豊明",
title="体験記録システムにおける写真撮影と音声録音の相互補完性",
journal="人工知能学会全国大会論文集",
ISSN="",
publisher="社団法人 人工知能学会",
year="2008",
month="",
volume="8",
number="",
pages="358-358",
URL="http://ci.nii.ac.jp/naid/130004654225/",
DOI="10.11517/pjsai.JSAI08.0.358.0",
}

@misc{Masui,
author = "{増井 俊之}",
title  = "{写録(しゃーろっく): 写真撮影と同時に録音した音を楽しむ}",
howpublished = "\url{http://www.pitecan.com/Sharoku/}"
}
